<?xml version="1.0" encoding="UTF-8"?><collection xmlns="http://www.loc.gov/MARC21/slim"><record><leader>00455nam--2200145-i-4500</leader><controlfield tag="001">000024266</controlfield><controlfield tag="002">20161230</controlfield><controlfield tag="005">20161230201035</controlfield><controlfield tag="008">060222s1000------------r-----000-0-eng-d</controlfield><datafield ind1=" " ind2=" " tag="080"><subfield code="a">621.375.826:535.231.15(075.9)</subfield></datafield><datafield ind1=" " ind2=" " tag="245"><subfield code="a">Novel source of coherent radiation</subfield></datafield><datafield ind1=" " ind2=" " tag="260"><subfield code="a">London, Addison-wesley Publ.Co., 1978, Ix + 401 P</subfield></datafield><datafield ind1=" " ind2=" " tag="490"><subfield code="a">Physics Of Quantum Electronics</subfield></datafield><datafield ind1=" " ind2=" " tag="700"><subfield code="a">Jacobs, Stephen F., Sargent, Murray Iii, Scully, Marlan O</subfield></datafield><datafield ind1=" " ind2=" " tag="852"><subfield code="a">42857</subfield></datafield></record></collection>